% This file was created with JabRef 2.5.

@misc{OCV,
	title = {OpenCV Website},
	date = {date},
	url = {https://opencv.org/},
}
@misc{darknet13,
  author =   {Joseph Redmon},
  title =    {Darknet: Open Source Neural Networks in C},
  url = {\url{http://pjreddie.com/darknet/}},
  year = {2013--2016}
}

@misc{Yolo_mark,
  author =   {AlexeyAB},
  title =    {GUI for marking bounded boxes of objects in images for training Yolo v3 and v2.},
  url = {\url{http://pjreddie.com/AlexeyAB/Yolo_mark}},
}

@misc{leggedrobotics,
  author =   {leggedrobotics},
  title =    {Darknet Ros},
  date = {date},
  url = {\url{https://github.com/leggedrobotics/darknet_ros}},
}

@misc{alglib,
  author =   {Sergey Bochkanov},
  title =    {ALGLIB\texttrademark - numerical analysis library (www.alglib.net)},
  url = {\url{www.alglib.net}},
  year = {1999--2019}
}

@misc{ackermann,
  author =   {Jarrod M. Snider},
  title =    {Automatic Steering Methods for Autonomous Automobile Path Tracking},
  url = {\url{https://www.ri.cmu.edu/pub_files/2009/2/Automatic_Steering_Methods_for_Autonomous_Automobile_Path_Tracking.pdf}},
  year = {2009}
}
@misc{acker,
  author =   {Robert Eisele},
  title =    {Ackerman Steering},
  url = {\url{https://www.xarg.org/book/kinematics/ackerman-steering/}},
  year = {2008--2019}
}
@misc{ROS,
	title = {ROS: an open-source Robot Operating System},
	author = {Morgan Quigley, Brian Gerkey, Ken Conley, Josh Faust, Tully Foote, Jeremy 		Leibs, Eric Berger, Rob Wheeler, Andrew Ng},
	url = {\url{http://www.willowgarage.com/sites/default/files/icraoss09-ROS.pdf}},
	year = {2009}
}
@misc{reconfigure,
	title = {rqt reconfigure},
	date = {date},
	url = {http://wiki.ros.org/rqt_reconfigure},
}
@misc{dontcode,
	title = {DontCodeAndDrive},
	date = {date},
	url = {https://moodle.tu-darmstadt.de/pluginfile.php/799141/mod_page/content/14/AusarbeitungDontCodeAndDrive.pdf},
	year = {2018}
}

@misc{poly,
	title = {PolynomialRegression},
	author = {Chris Englesma},
	date = {date},
	url = {https://gist.github.com/chrisengelsma/108f7ab0a746323beaaf7d6634cf4add},
	year = {2019}
}